@ARTICLE{bernstein10a,
   author = {{Bernstein}, G.~M.},
    title = "{Shape measurement biases from underfitting and ellipticity gradients}",
  journal = {\mnras},
archivePrefix = "arXiv",
   eprint = {1001.2333},
 primaryClass = "astro-ph.IM",
 keywords = {gravitational lensing: weak, techniques: image processing, methods: data analysis},
     year = 2010,
    month = aug,
   volume = 406,
    pages = {2793-2804},
      doi = {10.1111/j.1365-2966.2010.16883.x},
   adsurl = {http://adsabs.harvard.edu/abs/2010MNRAS.406.2793B},
  adsnote = {Provided by the SAO/NASA Astrophysics Data System}
}

@INPROCEEDINGS{bertin02a,
   author = {{Bertin}, E. and {Mellier}, Y. and {Radovich}, M. and {Missonnier}, G. and 
	{Didelon}, P. and {Morin}, B.},
    title = "{The TERAPIX Pipeline}",
 keywords = {astronomy: optical, astronomy: software, pipelines: data reduction, software: package, software: development, software: data analysis, data analysis, databases, distributed processing},
booktitle = {Astronomical Data Analysis Software and Systems XI},
     year = 2002,
   series = {Astronomical Society of the Pacific Conference Series},
   volume = 281,
   editor = "{D.~A.~Bohlender, D.~Durand, \& T.~H.~Handley}",
    pages = {228-+},
   adsurl = {http://adsabs.harvard.edu/abs/2002ASPC..281..228B},
  adsnote = {Provided by the SAO/NASA Astrophysics Data System}
}

@ARTICLE{graham08a,
   author = {{Graham}, A.~W. and {Worley}, C.~C.},
    title = "{Inclination- and dust-corrected galaxy parameters: bulge-to-disc ratios and size-luminosity relations}",
  journal = {\mnras},
archivePrefix = "arXiv",
   eprint = {0805.3565},
 keywords = {radiative transfer , dust, extinction , galaxies: fundamental parameters , galaxies: photometry , galaxies: spiral , galaxies: structure},
     year = 2008,
    month = aug,
   volume = 388,
    pages = {1708-1728},
      doi = {10.1111/j.1365-2966.2008.13506.x},
   adsurl = {http://adsabs.harvard.edu/abs/2008MNRAS.388.1708G},
  adsnote = {Provided by the SAO/NASA Astrophysics Data System}
}

@ARTICLE{kitching08a,
   author = {{Kitching}, T.~D. and {Miller}, L. and {Heymans}, C.~E. and 
	{van Waerbeke}, L. and {Heavens}, A.~F.},
    title = "{Bayesian galaxy shape measurement for weak lensing surveys - II. Application to simulations}",
  journal = {\mnras},
archivePrefix = "arXiv",
   eprint = {0802.1528},
 keywords = {gravitational lensing , methods: data analysis , methods: numerical , methods: statistical , cosmology: observation},
     year = 2008,
    month = oct,
   volume = 390,
    pages = {149-167},
      doi = {10.1111/j.1365-2966.2008.13628.x},
   adsurl = {http://adsabs.harvard.edu/abs/2008MNRAS.390..149K},
  adsnote = {Provided by the SAO/NASA Astrophysics Data System}
}

@ARTICLE{miller07a,
   author = {{Miller}, L. and {Kitching}, T.~D. and {Heymans}, C. and {Heavens}, A.~F. and 
	{van Waerbeke}, L.},
    title = "{Bayesian galaxy shape measurement for weak lensing surveys - I. Methodology and a fast-fitting algorithm}",
  journal = {\mnras},
archivePrefix = "arXiv",
   eprint = {0708.2340},
 keywords = {gravitational lensing, methods: data analysis, methods: statistical, techniques: miscellaneous},
     year = 2007,
    month = nov,
   volume = 382,
    pages = {315-324},
      doi = {10.1111/j.1365-2966.2007.12363.x},
   adsurl = {http://adsabs.harvard.edu/abs/2007MNRAS.382..315M},
  adsnote = {Provided by the SAO/NASA Astrophysics Data System}
}

@ARTICLE{schade96a,
   author = {{Schade}, D. and {Lilly}, S.~J. and {Le Fevre}, O. and {Hammer}, F. and 
	{Crampton}, D.},
    title = "{Canada-France Redshift Survey. XI. Morphology of High-Redshift Field Galaxies from High-Resolution Ground-based Imaging}",
  journal = {\apj},
   eprint = {arXiv:astro-ph/9601047},
 keywords = {GALAXIES: DISTANCES AND REDSHIFTS, GALAXIES: EVOLUTION, GALAXIES: PHOTOMETRY},
     year = 1996,
    month = jun,
   volume = 464,
    pages = {79-+},
      doi = {10.1086/177301},
   adsurl = {http://adsabs.harvard.edu/abs/1996ApJ...464...79S},
  adsnote = {Provided by the SAO/NASA Astrophysics Data System}
}

@ARTICLE{simard02a,
   author = {{Simard}, L. and {Willmer}, C.~N.~A. and {Vogt}, N.~P. and {Sarajedini}, V.~L. and 
	{Phillips}, A.~C. and {Weiner}, B.~J. and {Koo}, D.~C. and {Im}, M. and 
	{Illingworth}, G.~D. and {Faber}, S.~M.},
    title = "{The DEEP Groth Strip Survey. II. Hubble Space Telescope Structural Parameters of Galaxies in the Groth Strip}",
  journal = {\apjs},
   eprint = {arXiv:astro-ph/0205025},
 keywords = {Galaxies: Evolution, Galaxies: Fundamental Parameters, Galaxies: High-Redshift},
     year = 2002,
    month = sep,
   volume = 142,
    pages = {1-33},
      doi = {10.1086/341399},
   adsurl = {http://adsabs.harvard.edu/abs/2002ApJS..142....1S},
  adsnote = {Provided by the SAO/NASA Astrophysics Data System}
}

@ARTICLE{unterborn08a,
   author = {{Unterborn}, C.~T. and {Ryden}, B.~S.},
    title = "{Inclination-Dependent Extinction Effects in Disk Galaxies in the Sloan Digital Sky Survey}",
  journal = {\apj},
archivePrefix = "arXiv",
   eprint = {0801.2400},
 keywords = {Galaxies: Fundamental Parameters, Galaxies: Photometry, Galaxies: Spiral, Galaxies: Statistics},
     year = 2008,
    month = nov,
   volume = 687,
    pages = {976-985},
      doi = {10.1086/591898},
   adsurl = {http://adsabs.harvard.edu/abs/2008ApJ...687..976U},
  adsnote = {Provided by the SAO/NASA Astrophysics Data System}
}

